<?xml version="1.0" encoding="UTF-8"?><collection xmlns="http://www.loc.gov/MARC21/slim"><record><leader>00552nam--2200169-i-4500</leader><controlfield tag="001">000046019</controlfield><controlfield tag="002">20161230</controlfield><controlfield tag="005">20161230201045</controlfield><controlfield tag="008">060222s1000------------r-----000-0-eng-d</controlfield><datafield ind1=" " ind2=" " tag="040"><subfield code="a">IFIN-HH</subfield></datafield><datafield ind1=" " ind2=" " tag="080"><subfield code="a">519.217(043)</subfield></datafield><datafield ind1="1" ind2=" " tag="100"><subfield code="a">Van Der Wal, J</subfield></datafield><datafield ind1="1" ind2="0" tag="245"><subfield code="a">Stochastic dynamic programming</subfield><subfield code="b">Successive approximations and nearly optimal strategies for markov decision processes and marcov games. dissert</subfield><subfield code="c">Jan van der Wal</subfield></datafield><datafield ind1=" " ind2=" " tag="260"><subfield code="a">Amsterdam, Mathematisch Centrum, 1980</subfield></datafield><datafield ind1=" " ind2=" " tag="300"><subfield code="a">253P</subfield></datafield><datafield ind1=" " ind2=" " tag="852"><subfield code="a">71032</subfield><subfield code="c">519.2</subfield></datafield><datafield ind1=" " ind2=" " tag="CAT"><subfield code="a">Sys</subfield><subfield code="c">20100610</subfield><subfield code="h">105059</subfield></datafield></record></collection>